@string{jan = "January"}
@STRING{elsevier =  "Elsevier" }

@string{isaira = "International Symposium on Artificial Intelligence,
  Robotics and Automation in Space"}
@string{rice = "Rice University"}
@string{ieee-computer = "IEEE Computer"}
@string{rv = "Run-Time Verification"}

@string{aosd = "International Conference on
  Aspect-Oriented Software Development"}
@string{ase = "IEEE International Symposium on Automated Software Engineering"}
@string{cacm = "Communications of the ACM"}
@string{cbse = "ICSE Workshop on Component-Based Software Engineering"}
@string{computing-surveys = "ACM Computing Surveys"}
@string{dsl = "USENIX Conference on Domain-Specific Languages"}
@string{ecoop = "European Conference on Object-Oriented Programming"}
@string{esop = "European Symposium on Programming"}
@string{esec/fse = "Joint European Software Engineering Conference and
  ACM SIGSOFT Symposium on the
  Foundations of Software Engineering"}
@string{fool = "Foundations of Object-Oriented Languages"}
@string{fse = "ACM SIGSOFT International Symposium on the
  Foundations of Software Engineering"}
@string{gcse = "International Symposium on
  Generative and Component-Based Software Engineering"}
@string{ic = "Information \& Computation"}
@string{icalp = "International Conference on Automata, Languages and
  Programming"}
@string{icfp = "ACM SIGPLAN International Conference on Functional
  Programming"}
@string{icse = "International Conference on Software Engineering"}
@string{icsr = "International Conference on Software Reuse"}
@string{jcss = "Journal of Computer and System Sciences"}
@string{jfp = "Journal of Functional Programming"}
@string{lasc = "Lisp and Symbolic Computation"}
@string{lfp = "ACM Symposium on Lisp and Functional Programming"}
@string{monterey2001 = "Monterey Workshop on Engineering Automation for
  Software Intensive System Integration"}
@string{oopsla = "ACM SIGPLAN Conference on Object-Oriented
  Programming Systems, Languages \& Applications"}
@string{padl = "Symposium on the Practical Aspects of Declarative Languages"}
@string{pepm = "ACM SIGPLAN Symposium on Partial Evaluation and
  Semantics-Based Program Manipulation"}
@string{pldi = "ACM SIGPLAN Conference on Programming Language Design
  and Implementation"}
@string{plilp = "International Symposium on Programming Languages:
  Implementations, Logics, and Programs"}
@string{plop = "Pattern Languages of Program Design"}
@string{popl = "ACM SIGPLAN-SIGACT
  Symposium on Principles of Programming Languages"}
@string{sigplan-notices = "ACM SIGPLAN Notices"}
@string{sosp = "Symposium on Operating System Principles"}
@string{spe = "Software--Practice and Experience"}
@string{spin-sw-mc = "SPIN Workshop on Software Model Checking"}
@string{swconfmgmt = "International Workshop on Software Configuration
  Management"}
@string{tcs = "Theoretical Computer Science"}
@string{tocs = "ACM Transactions on Computer Systems"}
@string{tools-symp = "Technology of Object-Oriented Languages and Systems"}
@string{toplas = "ACM Transactions on Programming Languages and
  Systems"}
@string{tosem = "ACM Transactions on Software Engineering and Methodology"}
@string{ieee-software = "IEEE Software"}
@string{ieee-tose = "IEEE Transactions on Software Engineering"}
@string{fme = "{International Symposium of Formal Methods Europe}"}

@string{acm = "Association for Computing Machinery"}
@string{addison-wesley = "Addison-Wesley"}
@string{addison-wesley-longman = "Addison Wesley Longman"}
@string{cup = "Cambridge"}
@string{fsf = "Free Software Foundation"}
@string{mit-press = "MIT Press"}
@string{springer = "Springer-Verlag"}
@string{prentice-hall = "Prentice-Hall"}
@string{pws = "PWS Publishing"}
@string{mcgraw-hill = "McGraw-Hill"}
@string{wiley = "Wiley"}

@string {mit-lcs = "MIT Laboratory for Computer Science"}

@string{manuscript = "Unpublished manuscript"}
@string{personal = "Personal communication"}
@string{tr = "Technical Report"}

@string{lncs = "Springer Lecture Notes in Computer Science"}

@string{w3c = "{W}orld {W}ide {W}eb {C}onsortium"}

@STRING{popl95 =  "POPL '95: " # popl}


@inproceedings{fx:dependent-types,
  title="Dependent types in practical programming",
  author="Hongwei Xi and Frank Pfenning",
  booktitle=popl,
  year=1999,
  pages="214--227"}



@inproceedings{wc:soft,
  author="Andrew K.~Wright and Robert Cartwright",
  title="A Practical Soft Type System for {S}cheme",
  booktitle=lfp,
  year="1994",
  month=jun}




@book{okasaki,
author =          "Chris Okasaki",
title =           "Purely Functional Data Structures",
publisher =       "Cambridge University Press",
address = "Cambridge, England",
year =            "1998",
source =          "amazon"
}



@Book{isabelle,
  author	= {Tobias Nipkow and Lawrence C. Paulson and Markus Wenzel},
  title		= {Isabelle/HOL --- A Proof Assistant for Higher-Order Logic},
  publisher	= {Springer},
  series	= {LNCS},
  volume	= 2283,
  year		= 2002}

@inproceedings{nominal-isabelle,
title = {{Nominal Reasoning Techniques in Isabelle/HOL}},
author = {Christian Urban and Christine Tasson},
booktitle = {Proceedings of the 20th Conference on Automated Deduction (CADE 2005)},
series = {Lecture Notes in Artificial Intelligence},
volume = 3632,
publisher = {Springer},
year = 2005}

@Article{epigram,
  author = 	 {Conor McBride and James McKinna},
  title = 	 {The view from the left},
  journal =      jfp,
  year = {2004}, 
  pages = "69-111",
  volume = 14,
  number = 1,
}
@inproceedings{rank-n,
 author = {Dimitrios Vytiniotis and Stephanie Weirich and Simon Peyton Jones},
 title = {Boxy types: inference for higher-rank types and impredicativity},
 booktitle = {ICFP '06: Proceedings of the Eleventh ACM SIGPLAN International Conference on Functional Programming},
 year = {2006},
 pages = {251--262},
 location = {Portland, Oregon, USA},
 publisher = {ACM Press},
 address = {New York, NY, USA},
 }



@inproceedings{planet,
author = {Jacob Matthews},
title = {Component Deployment with {PLaneT}: You Want it {\it Where?}},
 booktitle =  "Proceedings of the Seventh Workshop on Scheme and
   Functional Programming, University of Chicago, Technical Report TR-2006-06",
 year = 2006,
}


@misc{galore,
author = "Jens Axel {S{\o}gaard}",
title = "Galore",
year = "2006",
url = {http://planet.plt-scheme.org/},
}



@techreport{match,
  author = "A. Wright and B. Duba",
  title = "Pattern Matching for {S}cheme",
institution = "Rice University",
  text = "Andrew W. Wright and Bruce F. Duba. Pattern Matching for Scheme. Technical
    report, Rice University, Hoston, TX 77251-1892, May 1995.",
  year = "1995",
month = "May"

}


@article{harper-duba-macqueen,
author =          "Robert Harper and Bruce Duba and David MacQueen",
title =           "Typing First-class Continuations in {ML}",
journal =         "Journal of Functional Programming",
volume =          3,
number =          4,
pages = {465--484},
month =           oct,
year =            1993,
}


@inproceedings{ griffin:popl91,
    author = "Timothy G. Griffin",
    title = "The Formulae-as-Types Notion of Control",
    booktitle = "{POPL '90: Conf.\ Record 17th Annual {ACM} Symp.\ on Principles of Programming Languages}",
    year = "1990",
month = "Jan",
 }


@article{ dybvig-case-lambda,
    author = "R. Kent Dybvig and Robert Hieb",
    title = "A New Approach to Procedures with Variable Arity",
    journal = "Lisp and Symbolic Computation: An International Journal",
    volume = "3~(3)",
    year = "1990",
    publisher = "Kluwer Academic Publishers",
 }

@book{little-schemer,
 title = "The Little Schemer, Fourth Edition",
 author = "Daniel P. Friedman and Matthias Felleisen",
 publisher = "MIT Press",
 address = "Cambridge",
 year = "1997"
}

@book{seasoned-schemer,
 title = "The Seasoned Schemer",
 author = "Daniel P. Friedman and Matthias Felleisen",
 publisher = "MIT Press",
 address = "Cambridge",
 year = "1996"
}














@inproceedings{gmfk07,
 author = {Guha, Arjun and Matthews, Jacob and Findler, Robert Bruce and Krishnamurthi, Shriram},
 title = {Relationally-parametric polymorphic contracts},
 booktitle = {DLS '07: Proceedings of the 2007 symposium on Dynamic languages},
 year = {2007},
 isbn = {978-1-59593-868-8},
 pages = {29--40},
 location = {Montreal, Quebec, Canada},
 doi = {http://doi.acm.org/10.1145/1297081.1297089},
 publisher = {ACM},
 address = {New York, NY, USA},
 }

@inproceedings{afmw:forall,
 author = {Ahmed, Amal and Findler, Robert Bruce and Matthews, Jacob and Wadler, Philip},
 title = {Blame for all},
 booktitle = {STOP '09: Proceedings for the 1st workshop on Script to Program Evolution},
 year = {2009},
 isbn = {978-1-60558-543-7},
 pages = {1--13},
 location = {Genova, Italy},
 doi = {http://doi.acm.org/10.1145/1570506.1570507},
 publisher = {ACM},
 address = {New York, NY, USA},
 }

